@article{acosta2017fractional,
  title={A fractional {L}aplace equation: regularity of solutions and {F}inite {E}lement approximations},
  author={Acosta, Gabriel and Borthagaray, Juan Pablo},
  journal={SIAM J. Numer. Anal.},
  volume={55},
  number={2},
  pages={472-495},
  year={2017},
  publisher={SIAM}
}

@book{adams2003sobolev,
  title={Sobolev spaces},
  author={Adams, Robert A and Fournier, John JF},
  volume={140},
  year={2003},
  publisher={Academic press}
}

@book{bakunin2008turbulence,
  title={Turbulence and diffusion: scaling versus equations},
  author={Bakunin, Oleg G},
  year={2008},
  publisher={Springer Science \& Business Media}
}

@article{barles2008dirichlet,
  title={On the Dirichlet problem for second-order elliptic integro-differential equations},
  author={Barles, Guy and Chasseigne, Emmanuel and Imbert, Cyril},
  journal={Indiana Univ. Math. J.},
  pages={213-246},
  year={2008},
  publisher={JSTOR}
}

@article{biccari2017finite,
  title={A Finite Element approximation of the one-dimensional fractional {P}oisson equation with applications to numerical control},
  author={Biccari, Umberto and Hern{\'a}ndez-Santamar{\'\i}a, V{\'\i}ctor},
  journal={arXiv preprint arXiv:1707.06769},
  year={2017}
}

@article{biccari2017local,
  title={Local elliptic regularity for the {D}irichlet fractional {L}aplacian},
  author={Biccari, Umberto and Warma, Mahamadi and Zuazua, Enrique},
  journal={Adv. Nonlin. Stud.},
  volume={17},
  number={2},
  pages={387-409},
  year={2017}
}

@book{peradottolaplaciano,
  title={Laplaciano fraccionario: regularidad de soluciones y aproximaciones por elementos finitos},
  author={Borthagaray, Juan Pablo},
  publisher={Ph.D thesis}	
}

@inproceedings{bourgain2001another,
  title={Another look at {S}obolev spaces},
  author={Bourgain, Jean and Brezis, Haim and Mironescu, Petru},
  booktitle={Optimal Control and Partial Differential Equations},
  year={2001},
}

@article{caffarelli2009regularity,
  title={Regularity theory for fully nonlinear integro-differential equations},
  author={Caffarelli, Luis and Silvestre, Luis},
  journal={Comm. Pure Appl. Math.},
  volume={62},
  number={5},
  pages={597--638},
  year={2009},
  publisher={Wiley Online Library}
}

@article{cozzi2017interior,
  title={Interior regularity of solutions of non-local equations in {S}obolev and {N}ikol’skii spaces},
  author={Cozzi, Matteo},
  journal={Ann. Mat. Pura Appl.},
  volume={196},
  number={2},
  pages={555--578},
  year={2017},
  publisher={Springer}
}

@article{dihitchhiker,
  title={Hitchhiker’s guide to the fractional {S}obolev spaces},
  author={Di Nezza, Eleonora and Palatucci, Giampiero and Valdinoci, Enrico},
  journal={Bull. Sci. Math.}
  volume={136},
  number={5},
  pages={521--573},
  year={2012},
  publisher={Taylor \& Francis}
}

@article{dipierro2015dislocation,
  title={Dislocation dynamics in crystals: a macroscopic theory in a fractional {L}aplace setting},
  author={Dipierro, Serena and Palatucci, Giampiero and Valdinoci, Enrico},
  journal={Comm. Math. Phys.},
  volume={333},
  number={2},
  pages={1061--1105},
  year={2015},
  publisher={Springer}
}

@article{fall2014unique,
  title={Unique continuation property and local asymptotics of solutions to fractional elliptic equations},
  author={Fall, Mouhamed Moustapha and Felli, Veronica},
  journal={Comm. Partial Differential Equations},
  volume={39},
  number={2},
  pages={354--397},
  year={2014},
  publisher={Taylor \& Francis}
}

@article{fiscella2015density,
  title={Density properties for fractional {S}obolev spaces},
  author={Fiscella, Alessio and Servadei, Raffaella and Valdinoci, Enrico},
  journal={Ann. Acad. Sci. Fenn. Math},
  volume={40},
  number={1},
  pages={235--253},
  year={2015}
}

@article{frank2016refined,
  title={Refined semiclassical asymptotics for fractional powers of the {L}aplace operator},
  author={Frank, Rupert L and Geisinger, Leander},
  journal={J. Reine Angew. Math.},
  volume={2016},
  number={712},
  pages={1--37},
  year={2016}
}

@article{gilboa2008nonlocal,
  title={Nonlocal operators with applications to image processing},
  author={Gilboa, Guy and Osher, Stanley},
  journal={Multiscale Model. Simul.},
  volume={7},
  number={3},
  pages={1005--1028},
  year={2008},
  publisher={SIAM}
}

@article{grubb2015fractional,
  title={Fractional {L}aplacians on domains, a development of {H}{\"o}rmander's theory of $\mu$-transmission pseudodifferential operators},
  author={Grubb, Gerd},
  journal={Adv. Math.},
  volume={268},
  pages={478--528},
  year={2015},
  publisher={Elsevier}
}

@article{leonori2015basic,
  title={Basic estimates for solutions of a class of nonlocal elliptic and parabolic equations},
  author={Leonori, Tommaso and Peral, Ireneo and Primo, Ana and Soria, Fernando},
  journal={Discrete Contin. Dyn. Syst},
  volume={35},
  number={12},
  pages={6031--6068},
  year={2015}
}

@article{levendorskii2004pricing,
  title={Pricing of the {A}merican put under {L}{\'e}vy processes},
  author={Levendorskii, SZ},
  journal={Int. J. Theor. Appl. Finance},
  volume={7},
  number={03},
  pages={303--335},
  year={2004},
  publisher={World Scientific}
}

@book{jllions1972non,
  title={Non-homogeneous boundary value problems and applications {I}},
  author={J.-L. Lions and E. Magenes},
  year={1972},
  publisher={Springer-Verlag Berlin Heidelberg New York}
}

@article{lions1968problemes,
  title={Probl{\`e}mes aux limites non homog{\`e}nes et applications. {V}olume I},
  author={Lions, Jacques-Louis and Magenes, Enrico},
  year={1968},
  publisher={Dunod}
}

@article{longhi2015fractional,
  title={Fractional {S}chr{\"o}dinger equation in optics},
  author={Longhi, Stefano},
  journal={Optics letters},
  volume={40},
  number={6},
  pages={1117--1120},
  year={2015},
  publisher={Optical Society of America}
}

@article{meerschaert2012fractional,
  title={Fractional calculus, anomalous diffusion, and probability},
  author={Meerschaert, Mark M},
  journal={Fractional dynamics},
  pages={265--284},
  year={2012},
  publisher={World Scientific, Singapore}
}

@article{ros2016boundary,
  title={Boundary regularity for fully nonlinear integro-differential equations},
  author={Ros-Oton, Xavier and Serra, Joaquim},
  journal={Duke Math. J.},
  volume={165},
  number={11},
  pages={2079--2154},
  year={2016},
  publisher={Duke University Press}
}

@article{ros2014dirichlet,
  title={The {D}irichlet problem for the fractional {L}aplacian: regularity up to the boundary},
  author={Ros-Oton, Xavier and Serra, Joaquim},
  journal={J. Math. Pures Appl.},
  volume={101},
  number={3},
  pages={275--302},
  year={2014},
  publisher={Elsevier}
}

@article{ros2014pohozaev,
  title={The {P}ohozaev identity for the fractional {L}aplacian},
  author={Ros-Oton, Xavier and Serra, Joaquim},
  journal={Arch. Rat. Mech. Anal.},
  volume={213},
  number={2},
  pages={587--628},
  year={2014},
  publisher={Springer}
}

@article{servadei2014weak,
  title={Weak and viscosity solutions of the fractional {L}aplace equation},
  author={Servadei, Raffaella and Valdinoci, Enrico},
  journal={Publ. Mat.},
  volume={58},
  number={1},
  pages={133--154},
  year={2014},
  publisher={Universitat Aut{\`o}noma de Barcelona, Departament de Matem{\`a}tiques}
}

@article{silvestre2007regularity,
  title={Regularity of the obstacle problem for a fractional power of the {L}aplace operator},
  author={Silvestre, Luis},
  journal={Comm. Pure Appl. Math.},
  volume={60},
  number={1},
  pages={67--112},
  year={2007},
  publisher={Wiley Online Library}
}

@article{stinga2010extension,
  title={Extension problem and {H}arnack's inequality for some fractional operators},
  author={Stinga, Pablo Ra{\'u}l and Torrea, Jos{\'e} Luis},
  journal={Comm. Partial Differential Equations},
  volume={35},
  number={11},
  pages={2092--2122},
  year={2010},
  publisher={Taylor \& Francis}
}

@incollection{vazquez2012nonlinear,
  title={Nonlinear diffusion with fractional {L}aplacian operators},
  author={V{\'a}zquez, Juan Luis},
  booktitle={Nonlinear partial differential equations},
  pages={271--298},
  year={2012},
  publisher={Springer}
}

@article{warma2015fractional,
  title={The fractional relative capacity and the fractional {L}aplacian with {N}eumann and {R}obin boundary conditions on open sets},
  author={Warma, Mahamadi},
  journal={Potential Anal.},
  volume={42},
  number={2},
  pages={499--547},
  year={2015},
  publisher={Springer}
}



